<record><leader>00000cas a22000007a 4500</leader><controlfield tag="001">25271904</controlfield><controlfield tag="008">920213d18601863nyuwr ne      0    0eng d</controlfield><datafield ind1=" " ind2=" " tag="010"><subfield code="a">sn 92061648 </subfield></datafield><datafield ind1=" " ind2=" " tag="040"><subfield code="a">NYS</subfield><subfield code="b">eng</subfield><subfield code="c">NYS</subfield><subfield code="d">OCL</subfield><subfield code="d">OCLCQ</subfield><subfield code="d">OCLCF</subfield><subfield code="d">OCLCO</subfield></datafield><datafield ind1="1" ind2=" " tag="029"><subfield code="a">AU@</subfield><subfield code="b">000020229220</subfield></datafield><datafield ind1=" " ind2=" " tag="042"><subfield code="a">msc</subfield></datafield><datafield ind1=" " ind2=" " tag="043"><subfield code="a">n-us-ny</subfield></datafield><datafield ind1="0" ind2=" " tag="130"><subfield code="a">Delaware Republican (Delhi, N.Y. : 1860)</subfield></datafield><datafield ind1="1" ind2="0" tag="245"><subfield code="a">Delaware Republican.</subfield></datafield><datafield ind1=" " ind2=" " tag="260"><subfield code="a">Delhi, Delaware Co., N.Y. :</subfield><subfield code="b">Sturdevant &amp; McIntosh</subfield></datafield><datafield ind1=" " ind2=" " tag="300"><subfield code="a">v. ;</subfield><subfield code="c">59 cm.</subfield></datafield><datafield ind1=" " ind2=" " tag="310"><subfield code="a">Weekly</subfield></datafield><datafield ind1="0" ind2=" " tag="362"><subfield code="a">Vol. 1, no. 1 (May 12, 1860)-v. 4, no. 179 (Oct. 10, 1863).</subfield></datafield><datafield ind1=" " ind2="0" tag="651"><subfield code="a">Delhi (N.Y.)</subfield><subfield code="v">Newspapers.</subfield></datafield><datafield ind1=" " ind2="7" tag="655"><subfield code="a">Newspapers.</subfield><subfield code="2">fast</subfield><subfield code="0">(OCoLC)fst01423814</subfield></datafield><datafield ind1=" " ind2="7" tag="651"><subfield code="a">New York (State)</subfield><subfield code="z">Delhi.</subfield><subfield code="2">fast</subfield><subfield code="0">(OCoLC)fst01229056</subfield></datafield><datafield ind1=" " ind2=" " tag="752"><subfield code="a">United States</subfield><subfield code="b">New York</subfield><subfield code="c">Delaware</subfield><subfield code="d">Delhi.</subfield></datafield><datafield ind1="0" ind2="7" tag="785"><subfield code="t">Franklin visitor</subfield><subfield code="w">(DLC)sn 87070126</subfield></datafield><datafield ind1="0" ind2="7" tag="785"><subfield code="t">Delaware Republican and visitor</subfield><subfield code="w">(DLC)sn 92061642</subfield></datafield></record>